@article{turing1950computing,
    author = {Turing, Alan M.},
    title = {Computing Machinery and Intelligence},
    journal = {Mind},
    volume = {LIX},
    number = {236},
    pages = {433--460},
    year = {1950}
}

@article{rumelhart1986learning,
  title = {Learning Representations by Back-Propagating Errors},
  author = {Rumelhart, David E. and Hinton, Geoffrey E. and Williams, Ronald J.},
  journal = {Nature},
  volume = {323},
  number = {6088},
  pages = {533--536},
  year = {1986}
}

@inproceedings{kautz1992planning,
  title = {Planning as Satisfiability},
  author = {Kautz, Henry A. and Selman, Bart},
  booktitle = {Proceedings of the 10th European Conference on Artificial Intelligence (ECAI)},
  pages = {359--363},
  year = {1992}
}

@article{grosz1996collaborative,
  title = {Collaborative Plans for Complex Group Action},
  author = {Grosz, Barbara J. and Kraus, Sarit},
  journal = {Artificial Intelligence},
  volume = {86},
  number = {2},
  pages = {269--357},
  year = {1996}
}

@misc{perelman2002entropy,
  title = {the Entropy Formula for the {R}icci Flow and its Geometric Applications}, 
  author = {Grisha Perelman},
  howpublished = {Preprint arXiv:math/0211159},
  year = {2002}
}

@book{pearl2009causality,
  title = {Causality},
  author = {Pearl, Judea},
  publisher = {Cambridge University Press},
  year = {2009}
}

@inproceedings{Zhang2023ACA,
  title={A Comprehensive Analysis of the Effectiveness of Large Language Models as Automatic Dialogue Evaluators},
  author={Chen Zhang and L. F. Dâ€™Haro and Yiming Chen and Malu Zhang and Haizhou Li},
  booktitle={AAAI Conference on Artificial Intelligence},
  year={2023}
}

% Use this file for citations not found in the ACL Anthology (contained in "anthology.bib").
@article{Zhang2023RetrieveAT,
  title={Retrieve Anything To Augment Large Language Models},
  author={Peitian Zhang and Shitao Xiao and Zheng Liu and Zhicheng Dou and Jian-Yun Nie},
  journal={arXiv preprint arXiv:2310.07554},
  year={2023}
}


@article{Deriu2019SurveyOE,
  title={Survey on evaluation methods for dialogue systems},
  author={Jan Deriu and {\'A}lvaro Rodrigo and Arantxa Otegi and Guillermo Echegoyen and Sophie Rosset and Eneko Agirre and Mark Cieliebak},
  journal={Artificial Intelligence Review},
  year={2019},
  volume={54},
  pages={755 - 810}
}

@article{An2023LEvalIS,
  title={L-Eval: Instituting Standardized Evaluation for Long Context Language Models},
  author={Chen An and Shansan Gong and Ming Zhong and Mukai Li and Jun Zhang and Lingpeng Kong and Xipeng Qiu},
  journal={arXiv preprint arXiv:2307.11088},
  year={2023},
  volume={abs/2307.11088}}

@article{Pu2023SummarizationI,
  title={Summarization is (Almost) Dead},
  author={Xiao Pu and Mingqi Gao and Xiaojun Wan},
  journal={arXiv preprint arXiv:2309.09558},
  year={2023},
  volume={abs/2309.09558}
}

@inproceedings{Liu2023GEvalNE,
  title={G-Eval: NLG Evaluation using GPT-4 with Better Human Alignment},
  author={Yang Liu and Dan Iter and Yichong Xu and Shuo Wang and Ruochen Xu and Chenguang Zhu},
  booktitle={Conference on Empirical Methods in Natural Language Processing},
  year={2023}
}


@article{Dubois2023AlpacaFarmAS,
  title={Alpacafarm: A simulation framework for methods that learn from human feedback},
  author={Dubois, Yann and Li, Chen Xuechen and Taori, Rohan and Zhang, Tianyi and Gulrajani, Ishaan and Ba, Jimmy and Guestrin, Carlos and Liang, Percy S and Hashimoto, Tatsunori B},
  journal={Advances in Neural Information Processing Systems},
  volume={36},
  year={2024}
}

@article{Lu2023MemoChatTL,
  title={MemoChat: Tuning LLMs to Use Memos for Consistent Long-Range Open-Domain Conversation},
  author={Junru Lu and Siyu An and Mingbao Lin and Gabriele Pergola and Yulan He and Di Yin and Xing Sun and Yunsheng Wu},
  journal={arXiv preprint arXiv:2308.08239},
  year={2023}
}

@article{Touvron2023LLaMAOA,
  title={LLaMA: Open and Efficient Foundation Language Models},
  author={Hugo Touvron and Thibaut Lavril and Gautier Izacard and Xavier Martinet and Marie-Anne Lachaux and Timoth{\'e}e Lacroix and Baptiste Rozi{\`e}re and Naman Goyal and Eric Hambro and Faisal Azhar and Aurelien Rodriguez and Armand Joulin and Edouard Grave and Guillaume Lample},
    journal={arXiv preprint arXiv:2302.13971},
  year={2023}
}

@article{llama2,
  title={Llama 2: Open foundation and fine-tuned chat models},
  author={Touvron, Hugo and Martin, Louis and Stone, Kevin and Albert, Peter and Almahairi, Amjad and Babaei, Yasmine and Bashlykov, Nikolay and Batra, Soumya and Bhargava, Prajjwal and Bhosale, Shruti and others},
  journal={arXiv preprint arXiv:2307.09288},
  year={2023}
}

@inproceedings{Roller2020RecipesFB,
  title={Recipes for Building an Open-Domain Chatbot},
  author={Stephen Roller and Emily Dinan and Naman Goyal and Da Ju and Mary Williamson and Yinhan Liu and Jing Xu and Myle Ott and Kurt Shuster and Eric Michael Smith and Y-Lan Boureau and Jason Weston},
  booktitle={the Annual Meeting of the European chapter of the Association for Computational Linguistics},
  year={2020}
}

@article{Liu2023ThinkinMemoryRA,
  title={Think-in-Memory: Recalling and Post-thinking Enable LLMs with Long-Term Memory},
  author={Lei Liu and Xiaoyan Yang and Yue Shen and Binbin Hu and Zhiqiang Zhang and Jinjie Gu and Guannan Zhang},
  journal={arXiv preprint arXiv:2311.08719},
  year={2023}
}

@article{Beltagy2020LongformerTL,
  title={Longformer: the Long-Document Transformer},
  author={Iz Beltagy and Matthew E. Peters and Arman Cohan},
  journal={arXiv preprint arXiv:2004.05150},
  year={2020}
}


@inproceedings{Zhong2023MemoryBankEL,
  title={Memorybank: Enhancing large language models with long-term memory},
  author={Zhong, Wanjun and Guo, Lianghong and Gao, Qiqi and Ye, He and Wang, Yanlin},
  booktitle={Proceedings of the AAAI Conference on Artificial Intelligence},
  volume={38},
  number={17},
  pages={19724--19731},
  year={2024}
}

@inproceedings{Yao2022ReActSR,
  title={ReAct: Synergizing Reasoning and Acting in Language Models},
  author={Shunyu Yao and Jeffrey Zhao and Dian Yu and Nan Du and Izhak Shafran and Karthik Narasimhan and Yuan Cao},
    year={2023},
    booktitle={the International Conference on Learning Representations}
}

@book{APA:83,
    author  = {{American Psychological Association}},
    title   = {Publications Manual},
    year    = "1983",
    publisher = {American Psychological Association},
}

@article{Chandra:81,
	author = {Ashok K. Chandra and Dexter C. Kozen and Larry J. Stockmeyer},
	year = "1981",
	title = {Alternation},
	journal = {Journal of the Association for Computing Machinery},
	volume = "28",
	number = "1",
	pages = "114--133",
	doi = "10.1145/322234.322243",
}


@article{Ouyang2022TrainingLM,
  title={Training language models to follow instructions with human feedback},
  author={Ouyang, Long and Wu, Jeffrey and Jiang, Xu and Almeida, Diogo and Wainwright, Carroll and Mishkin, Pamela and Zhang, Chong and Agarwal, Sandhini and Slama, Katarina and Ray, Alex and others},
  journal={Advances in neural information processing systems},
  volume={35},
  pages={27730--27744},
  year={2022}
}

@inproceedings{andrew2007scalable,
  title={Scalable training of {$L_1$}-regularized log-linear models},
  author={Andrew, Galen and Gao, Jianfeng},
  booktitle={The International Conference on Machine Learning},
  year={2007}
}

@article{Wei2022ChainOT,
  title={Chain-of-thought prompting elicits reasoning in large language models},
  author={Wei, Jason and Wang, Xuezhi and Schuurmans, Dale and Bosma, Maarten and Xia, Fei and Chi, Ed and Le, Quoc V and Zhou, Denny and others},
  journal={Advances in neural information processing systems},
  volume={35},
  pages={24824--24837},
  year={2022}
}

@article{Madotto2021FewShotBP,
  title={Few-Shot Bot: Prompt-Based Learning for Dialogue Systems},
  author={Andrea Madotto and Zhaojiang Lin and Genta Indra Winata and Pascale Fung},
  journal={arXiv preprint arXiv:2110.08118},
  year={2021}
}

@article{Zhang2023SGPTODBT,
  title={SGP-TOD: Building Task Bots Effortlessly via Schema-Guided LLM Prompting},
  author={Xiaoying Zhang and Baolin Peng and Kun Li and Jingyan Zhou and Helen M. Meng},
 journal={arXiv preprint arXiv:2305.09067},
  year={2023},
}

@inproceedings{wu-etal-2022-memformer,
    title = "Memformer: A Memory-Augmented Transformer for Sequence Modeling",
    author = "Wu, Qingyang  and
      Lan, Zhenzhong  and
      Qian, Kun  and
      Gu, Jing  and
      Geramifard, Alborz  and
      Yu, Zhou",
    booktitle = "Findings of the Annual Meeting of the Association for Computational Linguistics",
    year = "2022"
}

@inproceedings{2022TongZhangHierarchical,
  author       = {Tong Zhang and
                  Yong Liu and
                  Boyang Li and
                  Zhiwei Zeng and
                  Pengwei Wang and
                  Yuan You and
                  Chunyan Miao and
                  Lizhen Cui},
  title        = {History-Aware Hierarchical Transformer for Multi-session Open-domain
                  Dialogue System},
  year         = {2022},
  booktitle={Findings of the Conference on Empirical Methods in Natural Language Processing}
}

@article{Zhang2023HistoryAwareHT,
  title={History-Aware Hierarchical Transformer for Multi-session Open-domain Dialogue System},
  author={Tong Zhang and Yong Liu and Boyang Albert Li and Zhiwei Zeng and Pengwei Wang and Yuan You and Chun Miao and Li-zhen Cui},
  journal={arXiv preprint arXiv:2302.00907},
  year={2023},
}

@article{robertson2009probabilistic,
  title={the probabilistic relevance framework: BM25 and beyond},
  author={Robertson, Stephen and Zaragoza, Hugo and others},
  journal={Foundations and Trends{\textregistered} in Information Retrieval},
  year={2009},
  publisher={Now Publishers, Inc.}
}


@inproceedings{Pan2023DoTR,
  title={Do the Rewards Justify the Means? Measuring Trade-Offs Between Rewards and Ethical Behavior in the MACHIAVELLI Benchmark},
  author={Alexander Pan and Chan Jun Shern and Andy Zou and Nathaniel Li and Steven Basart and Thomas Woodside and Jonathan Ng and Hanlin Zhang and Scott Emmons and Dan Hendrycks},
  booktitle={the International Conference on Machine Learning},
  year={2023}
}

@inproceedings{Lewis2020RetrievalAugmentedGF,
  title={Retrieval-Augmented Generation for Knowledge-Intensive NLP Tasks},
  author={Patrick Lewis and Ethan Perez and Aleksandara Piktus and Fabio Petroni and Vladimir Karpukhin and Naman Goyal and Heinrich Kuttler and Mike Lewis and Wen-tau Yih and Tim Rockt{\"a}schel and Sebastian Riedel and Douwe Kiela},
year={2020},
  booktitle={the Annual Conference on Neural Information Processing Systems}
}



@inproceedings{guu2020retrieval,
  title={Retrieval augmented language model pre-training},
  author={Guu, Kelvin and Lee, Kenton and Tung, Zora and Pasupat, Panupong and Chang, Mingwei},
   year={2020},
  booktitle={the International Conference on Learning Representations}
}

@article{Ramakrishnan2022LongtermCF,
  title={Long-term Control for Dialogue Generation: Methods and Evaluation},
  author={Ramya Ramakrishnan and Hashan Buddhika Narangodage and Mauro Schilman and Kilian Q. Weinberger and Ryan T. McDonald},
  journal={arXiv preprint arXiv:2205.07352},
  year={2022}
}

@inproceedings{mazare-etal-2018-training,
    title = "Training Millions of Personalized Dialogue Agents",
    author = "Mazar{\'e}, Pierre-Emmanuel  and
      Humeau, Samuel  and
      Raison, Martin  and
      Bordes, Antoine",
    booktitle = "the Conference on Empirical Methods in Natural Language Processing",
    year = "2018"
}

@article{Chen2023ExtendingCW,
  title={Extending Context Window of Large Language Models via Positional Interpolation},
  author={Shouyuan Chen and Sherman Wong and Liangjian Chen and Yuandong Tian},
  journal={arXiv preprint arXiv:2306.15595},
  year={2023}
}

@inproceedings{Chen2023LongLoRAEF,
  title={LongLoRA: Efficient Fine-tuning of Long-Context Large Language Models},
  author={Yukang Chen and Shengju Qian and Haotian Tang and Xin Lai and Zhijian Liu and Song Han and Jiaya Jia},
  booktitle = "the International Conference on Learning Representations",
  year={2024}
}

@article{Dao2022FlashAttentionFA,
  title={Flashattention: Fast and memory-efficient exact attention with io-awareness},
  author={Dao, Tri and Fu, Dan and Ermon, Stefano and Rudra, Atri and R{\'e}, Christopher},
  journal={Advances in Neural Information Processing Systems},
  volume={35},
  pages={16344--16359},
  year={2022}
}

@article{Bang2023AMM,
  title={A Multitask, Multilingual, Multimodal Evaluation of ChatGPT on Reasoning, Hallucination, and Interactivity},
  author={Yejin Bang and Samuel Cahyawijaya and Nayeon Lee and Wenliang Dai and Dan Su and Bryan Wilie and Holy Lovenia and Ziwei Ji and Tiezheng Yu and Willy Chung and Quyet V. Do and Yan Xu and Pascale Fung},
  journal={arXiv preprint arXiv:2302.04023},
  year={2023}
}

@inproceedings{Liu2023LostIT,
  title={Lost in the Middle: How Language Models Use Long Contexts},
  author={Nelson F. Liu and Kevin Lin and John Hewitt and Ashwin Paranjape and Michele Bevilacqua and Fabio Petroni and Percy Liang},
  booktitle = "Transactions of the Association for Computational Linguistics",
  year={2023}
}

@inproceedings{bae-etal-2022-keep,
    title = "Keep Me Updated! Memory Management in Long-term Conversations",
    author = "Bae, Sanghwan  and
      Kwak, Donghyun  and
      Kang, Soyoung  and
      Lee, Min Young  and
      Kim, Sungdong  and
      Jeong, Yuin  and
      Kim, Hyeri  and
      Lee, Sang-Woo  and
      Park, Woomyoung  and
      Sung, Nako",
    booktitle = "Findings of the Conference on Empirical Methods in Natural Language Processing",
    year = "2022"
}

@inproceedings{li-etal-2017-dailydialog,
    title = "{D}aily{D}ialog: A Manually Labelled Multi-turn Dialogue Dataset",
    author = "Li, Yanran  and
      Su, Hui  and
      Shen, Xiaoyu  and
      Li, Wenjie  and
      Cao, Ziqiang  and
      Niu, Shuzi",
    booktitle = "IJCNLP",
    year = "2017"
}

@inproceedings{liu-etal-2016-evaluate,
    title = "How {NOT} To Evaluate Your Dialogue System: An Empirical Study of Unsupervised Evaluation Metrics for Dialogue Response Generation",
    author = "Liu, Chia-Wei  and
      Lowe, Ryan  and
      Serban, Iulian  and
      Noseworthy, Mike  and
      Charlin, Laurent  and
      Pineau, Joelle",
    booktitle = "the Conference on Empirical Methods in Natural Language Processing",
    year = "2016"
}

@inproceedings{longtimenosee,
    title = "Long Time No See! Open-Domain Conversation with Long-Term Persona Memory",
    author = "Xu, Xinchao and Gou, Zhibin and Wu, Wenquan and Niu, Zheng-Yu and Wu, Hua and Wang, Haifeng and Wang, Shihang",
    booktitle = "Findings of the Annual Meeting of the Association for Computational Linguistics",
    year = {2022}
}

@inproceedings{Kann2022OpendomainDG,
  title={Open-domain Dialogue Generation: What We Can Do, Cannot Do, And Should Do Next},
  author={Katharina Kann and Abteen Ebrahimi and Joewie J. Koh and Shiran Dudy and Alessandro Roncone},
  booktitle={NLP4CONVAI},
  year={2022}
}

@inproceedings{zhang-etal-2018-personalizing,
    title = "Personalizing Dialogue Agents: {I} have a dog, do you have pets too?",
    author = "Zhang, Saizheng  and
      Dinan, Emily  and
      Urbanek, Jack  and
      Szlam, Arthur  and
      Kiela, Douwe  and
      Weston, Jason",
    booktitle = "the Annual Meeting of the Association for Computational Linguistics",
    year = "2018"
}

@inproceedings{tian-etal-2019-learning,
    title = "Learning to Abstract for Memory-augmented Conversational Response Generation",
    author = "Tian, Zhiliang  and
      Bi, Wei  and
      Li, Xiaopeng  and
      Zhang, Nevin L.",
    booktitle = "the Annual Meeting of the Association for Computational Linguistics",
    year = "2019",
}

@article{Zeng2022GLM130BAO,
  title={GLM-130B: An Open Bilingual Pre-trained Model},
  author={Aohan Zeng and Xiao Liu and Zhengxiao Du and Zihan Wang and Hanyu Lai and Ming Ding and Zhuoyi Yang and Yifan Xu and Wendi Zheng and Xiao Xia and Weng Lam Tam and Zixuan Ma and Yufei Xue and Jidong Zhai and Wenguang Chen and P. Zhang and Yuxiao Dong and Jie Tang},
  journal={arXiv preprint arXiv:2210.02414},
  year={2022},
}

@article{Hu2023ChatDBAL,
  title={ChatDB: Augmenting LLMs with Databases as Their Symbolic Memory},
  author={Chenxu Hu and Jie Fu and Chenzhuang Du and Simian Luo and Junbo Jake Zhao and Hang Zhao},
  journal={arXiv preprint arXiv:2306.03901},
  year={2023}
}

@inproceedings{rubin2023long,
  title={Long-range Language Modeling with Self-retrieval},
  author={Rubin, Ohad and Berant, Jonathan},
  booktitle = "Transactions of the Association for Computational Linguistics",
  year={2024}
}

@article{Li2023GuidingLL,
  title={Guiding large language models via directional stimulus prompting},
  author={Li, Zekun and Peng, Baolin and He, Pengcheng and Galley, Michel and Gao, Jianfeng and Yan, Xifeng},
  journal={Advances in Neural Information Processing Systems},
  volume={36},
  year={2024}
}

@inproceedings{karpukhin-etal-2020-dense,
    title = "Dense Passage Retrieval for Open-Domain Question Answering",
    author = "Karpukhin, Vladimir  and
      Oguz, Barlas  and
      Min, Sewon  and
      Lewis, Patrick  and
      Wu, Ledell  and
      Edunov, Sergey  and
      Chen, Danqi  and
      Yih, Wen-tau",
    booktitle = "the Conference on Empirical Methods in Natural Language Processing",
    year = "2020"
}

@inproceedings{Lee2023PromptedLA,
  title={Prompted LLMs as Chatbot Modules for Long Open-domain Conversation},
  author={Gibbeum Lee and Volker Hartmann and Jongho Park and Dimitris Papailiopoulos and Kangwook Lee},
  booktitle = "Findings of the Annual Meeting of the Association for Computational Linguistics",
  year={2023},
}

@article{Brown2020LanguageMA,
  title={Language Models are Few-Shot Learners},
  author={Tom B. Brown and Benjamin Mann and Nick Ryder and Melanie Subbiah and Jared Kaplan and Prafulla Dhariwal and Arvind Neelakantan and Pranav Shyam and Girish Sastry and Amanda Askell and Sandhini Agarwal and Ariel Herbert-Voss and Gretchen Krueger and T. J. Henighan and Rewon Child and Aditya Ramesh and Daniel M. Ziegler and Jeff Wu and Clemens Winter and Christopher Hesse and Mark Chen and Eric Sigler and Mateusz Litwin and Scott Gray and Benjamin Chess and Jack Clark and Christopher Berner and Sam McCandlish and Alec Radford and Ilya Sutskever and Dario Amodei},
    journal={arXiv preprint ArXiv:2005.14165},
  year={2020}
}

@article{Li2023LooGLECL,
  title={LooGLE: Can Long-Context Language Models Understand Long Contexts?},
  author={Jiaqi Li and Mengmeng Wang and Zilong Zheng and Muhan Zhang},
  journal={arXiv preprint arXiv:2311.04939},
  year={2023}
}

@article{Shuster2022BlenderBot3A,
  title={BlenderBot 3: a deployed conversational agent that continually learns to responsibly engage},
  author={Kurt Shuster and Jing Xu and Mojtaba Komeili and Da Ju and Eric Michael Smith and Stephen Roller and Megan Ung and Moya Chen and Kushal Arora and Joshua Lane and Morteza Behrooz and W.K.F. Ngan and Spencer Poff and Naman Goyal and Arthur Szlam and Y-Lan Boureau and Melanie Kambadur and Jason Weston},
  journal={arXiv preprint arXiv:2208.03188},
  year={2022}
}

@misc{faiss2019,
  author       = {Facebook AI Research},
  title        = {FAISS},
  year         = {2019},
  url          = {https://ai.meta.com/tools/faiss/},
  note         = {Accessed: 2024-08-26},
}

@misc{meta2024llama3,
  author = {MetaAI},
  title = {LLaMA 3},
  year = {2024},
  url = {https://llama.meta.com/llama3/},
  note = {Accessed: 2024-08-26}
}

@article{Hudecek2023AreLA,
  title={Are LLMs All You Need for Task-Oriented Dialogue?},
  author={Vojtech Hudecek and Ondrej Dusek},
  journal={arXiv preprint arXiv:2304.06556},
  year={2023}
}

@inproceedings{xu-etal-2022-beyond,
    title = "Beyond Goldfish Memory: Long-Term Open-Domain Conversation",
    author = "Xu, Jing  and
      Szlam, Arthur  and
      Weston, Jason",
    booktitle = "the Annual Meeting of the Association for Computational Linguistics",
    year = "2022"
}
@inproceedings{li-etal-2016-diversity,
    title = "A Diversity-Promoting Objective Function for Neural Conversation Models",
    author = "Li, Jiwei  and
      Galley, Michel  and
      Brockett, Chris  and
      Gao, Jianfeng  and
      Dolan, Bill",
    booktitle = "Annual Conference of the North American Chapter of the Association for Computational Linguistics",
    year = "2016"
}

@article{ji2023survey,
  title={Survey of hallucination in natural language generation},
  author={Ji, Ziwei and Lee, Nayeon and Frieske, Rita and Yu, Tiezheng and Su, Dan and Xu, Yan and Ishii, Etsuko and Bang, Ye Jin and Madotto, Andrea and Fung, Pascale},
  journal={ACM Computing Surveys},
  year={2023}
}

@article{chen2024compress,
  title={Compress to impress: Unleashing the potential of compressive memory in real-world long-term conversations},
  author={Chen, Nuo and Li, Hongguang and Huang, Juhua and Wang, Baoyuan and Li, Jia},
  journal={arXiv preprint arXiv:2402.11975},
  year={2024}
}

@article{glm2024chatglm,
  title={ChatGLM: A Family of Large Language Models from GLM-130B to GLM-4 All Tools},
  author={GLM, Team and Zeng, Aohan and Xu, Bin and Wang, Bowen and Zhang, Chenhui and Yin, Da and Rojas, Diego and Feng, Guanyu and Zhao, Hanlin and Lai, Hanyu and others},
  journal={arXiv preprint arXiv:2406.12793},
  year={2024}
}


@article{GPT4OpenAI,
  title={Gpt-4 technical report},
  author={Achiam, Josh and Adler, Steven and Agarwal, Sandhini and Ahmad, Lama and Akkaya, Ilge and Aleman, Florencia Leoni and Almeida, Diogo and Altenschmidt, Janko and Altman, Sam and Anadkat, Shyamal and others},
  journal={arXiv preprint arXiv:2303.08774},
  year={2023}
}

@inproceedings{BLEUAMethod,
author = {Papineni, Kishore and Roukos, Salim and Ward, Todd and Zhu, Wei-Jing},
title = {BLEU: A Method for Automatic Evaluation of Machine Translation},
year = {2002},
url = {https://doi.org/10.3115/1073083.1073135},
booktitle = {the Annual Meeting of the Association for Computational Linguistics},
}

@article{choi2023effortless,
  title={Effortless Integration of Memory Management into Open-Domain Conversation Systems},
  author={Choi, Eunbi and On, Kyoung-Woon and Han, Gunsoo and Kim, Sungwoong and Nam, Daniel Wontae and Jo, Daejin and Rho, Seung Eun and Kwon, Taehwan and Seo, Minjoon},
  journal={arXiv preprint arXiv:2305.13973},
  year={2023}
}

@inproceedings{zhang2019bertscore,
  title={Bertscore: Evaluating text generation with bert},
  author={Zhang, Tianyi and Kishore, Varsha and Wu, Felix and Weinberger, Kilian Q and Artzi, Yoav},
  publisher={the International Conference on Learning Representations},
  year={2020}
}

@article{zhong2023chat,
  title={Can ChatGPT Understand Too? A Comparative  Study on ChatGPT and Fine-tuned BERT},
  author={Zhong, Qihuang and Ding, Liang and Liu, Juhua and Du, Bo and Tao, Dacheng},
  journal={arXiv preprint arXiv:2302.10198},
  year={2023}
}

@article{Lu2023EAPrompt,
  title={Error Analysis Prompting Enables Human-Like Translation Evaluation in Large Language Models: A Case Study on ChatGPT},
  author={Lu, Qingyu and Qiu, Baopu and Ding, Liang and Xie, Liping and Tao, Dacheng},
  journal={arXiv preprint},
  year={2023}
}

@article{Peng2023ChatGPT4MT,
  title={Towards Making the Most of ChatGPT for Machine Translation},
  author={Peng, Keqin and Ding, Liang and Zhong, Qihuang and Shen, Li and Liu, Xuebo and Zhang, Min and Ouyang, Yuanxin and Tao, Dacheng},
  journal={arXiv preprint arXiv:2303.13780},
  year={2023}
}

@article{wu2023chatgpt,
  title={Chatgpt or grammarly? evaluating chatgpt on grammatical error correction benchmark},
  author={Wu, Haoran and Wang, Wenxuan and Wan, Yuxuan and Jiao, Wenxiang and Lyu, Michael},
  journal={arXiv preprint arXiv:2303.13648},
  year={2023}
}

@inproceedings{wang-etal-2023-divide,
    title = "Divide, Conquer, and Combine: Mixture of Semantic-Independent Experts for Zero-Shot Dialogue State Tracking",
    author = "Wang, Qingyue  and
      Ding, Liang  and
      Cao, Yanan  and
      Zhan, Yibing  and
      Lin, Zheng  and
      Wang, Shi  and
      Tao, Dacheng  and
      Guo, Li",
    booktitle = "the Annual Meeting of the Association for Computational Linguistics",
    year = "2023"
}

@inproceedings{cao2021towards,
  title={Towards efficiently diversifying dialogue generation via embedding augmentation},
  author={Cao, Yu and Ding, Liang and Tian, Zhiliang and Fang, Meng},
  booktitle={ICASSP},
  year={2021}
}

@inproceedings{zhou-etal-2023-facilitating,
  title={Facilitating Multi-turn Emotional Support Conversation with Positive Emotion Elicitation: A Reinforcement Learning Approach},
  author={Zhou, Jinfeng and Chen, Zhuang and Wang, Bo and Huang, Minlie},
  booktitle={Proceedings of the 61st Annual Meeting of the Association for Computational Linguistics (Volume 1: Long Papers)},
  pages={1714--1729},
  year={2023}
}

